@BOOK{vick:1973,
  author = {Vick, James W.},
  title = {{H}omology {T}heory: {A}n {I}ntroduction to {A}lgebraic {T}opology},
  publisher = {Academic Press},
  year = {1973},
  edition = {2nd}
}


@ARTICLE{knuth:1974,
  author = {Knuth, Donald E.},
  title = {{C}omputer {P}rogramming as an {A}rt},
  journal = {Communications of the ACM},
  year = {1974},
  volume = {17},
  pages = {667--673},
  number = {12},
  publisher = {ACM Press}
}

@ARTICLE{grosso:2004,
  author = {Grosso, A., Locatelli, M., Della Croce, F.},
  title = {{C}ombining {S}waps and {N}ode {W}eights in an {A}daptative {G}reedy {A}pproach for the {M}aximum {C}lique {P}roblem},
  journal = {Journal of Heuristics},
  year = {2004},
  volume = {10},
  pages = {135--152},
  publisher = {Kluwer Academic Publishers}
}

@ARTICLE{xu:2007,
  author = {Xinshun, X., Jun, M., Jingsheng, L.},
  title = {{A}n {I}mproved {A}nt {C}olony {O}ptimization for the {M}aximum {C}lique {P}roblem},
  journal = {Third International Conference on Natural Computation},
  year = {2007},
  volume = {},
  pages = {135--152},
  number = {},
  publisher = {IEEE}
}

@ARTICLE{pullan:2006,
  author = {Pullan, W., Hoos, Holger H.},
  title = {{D}ynamic {L}ocal {S}earch for {M}aximum {C}lique {P}roblem},
  journal = {Journal of Artificial Intelligence Research},
  year = {2006},
  volume = {},
  pages = {159--185},
  number = {25},
  publisher = {}
}

@conference{zhang:2014,
  author = {Zhang, S., Wang, J.; Wu, Q., Zhan, J.},
  title = {{A} {F}ast {G}enetic {A}lgorithm for {S}olving the {M}aximum {C}lique {P}roblem},
  journal = {10th International Conference on Natural Computation},
  year = {2014},
  volume = {},
  pages = {},
  number = {},
  publisher = {IEEE}
}

@ARTICLE{grosso:2008,
  author = {Grosso, A., Locatelli, M., Pullan, W.},
  title = {{S}imple {I}ngredients {L}eading to very {E}fficient {H}euristics for the {M}aximum {C}lique {P}roblem},
  journal = {Journal of Heuristics},
  year = {2008},
  volume = {},
  pages = {587--612},
  number = {14},
  publisher = {Springer}
}

@ARTICLE{katayama:2005,
  author = {Katayama, K., Hamamoto, A., Narihisa, H.},
  title = {{A}n {E}ffective {L}ocal {S}earch for the {M}aximum {C}lique {P}roblem},
  journal = {Information Processing Letters},
  year = {2005},
  volume = {},
  pages = {503--511},
  number = {95},
  publisher = {Elsevier}
}

@ARTICLE{geng:2007,
  author = {Geng, X., Xu, J., Xiao, J., Pan, L.},
  title = {{A} {S}imple {S}imulated {A}nnealing {A}lgorithm for the {M}aximum {C}lique {P}roblem},
  journal = {Information Sciences},
  year = {2007},
  volume = {},
  pages = {5064--5071},
  number = {177},
  publisher = {Elsevier}
}

@ARTICLE{hastad:1999,
  author = {Hastad, J.},
  title = {{C}lique is hard to approximate within $n^{1-\epsilon}$},
  journal = {Acta Mathematica},
  year = {1999},
  volume = {},
  pages = {105--142},
  number = {182},
  publisher = {}
}

@ARTICLE{garey:1979,
  author = {Garey, M., Johnson, D.S.},
  title = {{C}omputers and {I}ntractability: {A} {G}uide to the {T}heory of NP-Completeness},
  journal = {},
  year = {1979},
  volume = {},
  pages = {},
  number = {},
  publisher = {W.H. Freeman & Co}
}

@ARTICLE{feo:1989,
  author = {Feo, T.A., Resende, M.G.C.},
  title = {{A} {P}robabilistic {H}euristic for a {C}omputationally {D}ifficult {S}et {C}overing {P}roblem},
  journal = {Operations Research Letters},
  year = {1989},
  volume = {},
  pages = {67--71},
  number = {8},
  publisher = {}
}

@ARTICLE{feo:1995,
  author = {Feo, T.A., Resende, M.G.C.},
  title = {{G}reedy {R}andomized {A}daptative {S}earch {P}rocedures},
  journal = {Journal of Global Optimization},
  year = {1995},
  volume = {},
  pages = {109--134},
  number = {6},
  publisher = {}
}

@ARTICLE{hart:1987,
  author = {Hart, J.P., Shogan, A.W.},
  title = {{S}emi-greedy {H}euristics: {A}n {E}mpirical {S}tudy},
  journal = {Operations Reseach Letters},
  year = {1987},
  volume = {},
  pages = {107--114},
  number = {6},
  publisher = {}
}

@ARTICLE{melian:2003,
  author = {Melián, B., Moreno, J. A., Moreno, J. M.},
  title = {{M}etaheurísticas: {U}na {V}isión {G}lobal},
  journal = {Revista Iberoamericana de Inteligencia Artificial},
  year = {2003},
  volume = {},
  pages = {7--28},
  number = {19},
  publisher = {}
}

@ARTICLE{herrera:2014,
  author = {Xiong, N., Molina, D., Ortiz, M.L., Herrera, F.},
  title = {{A} {W}alk into {M}etahueristics for {E}ngineering {O}ptimization: Principles, Methods and Recent Trends},
  journal = {International Journal of Computational Intelligence Systems},
  year = {2014},
  volume = {8},
  pages = {606--636},
  number = {4},
  publisher = {Taylor & Francis}
}

@ARTICLE{glover:1986,
  author = {Glover, F.},
  title = {{F}uture {P}aths for Integer Programming and links to Artificial Intelligence},
  journal = {Computers and Operations Research},
  year = {1986},
  volume = {},
  pages = {533--549},
  number = {5},
  publisher = {}
}

@phdthesis{stuztle:1998,
  author = {Stüztle, T},
  title = {{L}ocal {S}earch {A}lgorithms for {C}ombinatorial {P}roblems},
  school = {},
  year = {1998},
  address = {},
  month = ,
}

@ARTICLE{dorigo:1996,
  author = {Dorigo, M., Maniezzo, V., Colorni, A.},
  title = {{A}nt {S}ystem: {O}ptimization by a colony of cooperating agents},
  journal = {IEEE Transactions on Systems, Man, and Cybernetics, Part B},
  year = {1996},
  volume = {26},
  pages = {29--41},
  number = {},
  publisher = {IEEE}
}

@ARTICLE{,
  author = {},
  title = {},
  journal = {},
  year = {},
  volume = {},
  pages = {},
  number = {},
  publisher = {}
}
